% 1
@article{jaynes_cummings_comparison,
	author = {Jaynes, E. T. and Cummings, F. W.},
	title  = {Comparison of quantum and semiclassical radiation theories with application to the beam maser},

	journal = {Proceedings of the IEEE},
	volume  = {51},
	number  = {1},
	pages   = {89-109},
	year    = {1963},

	language = {english},

	doi = {10.1109/PROC.1963.1664}
}

% 2
@article{tavis_exact_solution,
	author = {Tavis, M. and Cummings, F. W.},
	title  = {Exact Solution for an $N$-Molecule-Radiation-Field Hamiltonian},

	journal = {Phys. Rev.},
	volume  = {170},
	number  = {2},
	pages   = {379-384},
	year    = {1968},

	language = {english},

	doi = {10.1103/PhysRev.170.379}
}

% 3
@misc{tavis_a_study,
	author = {Tavis, M. T.},
	title  = {A Study of an N Molecule Quantized-Radiation-Field Hamiltonian},

	archivePrefix = {arXiv},
	primaryClass  = {quant-ph},

	year = {2017},

	language = {english},

	eprint = {1206.0078}
}

% 4
@article{akm2017,
	author = {Алиев, Ф. К. and Корольков, А. В. and Матвеев, Е. А. and Орлов, С. С. and Шеремет, И. А.},
	title  = {Квантовая криптографическая система АКМ2017 на основе ресурса несепарабельности состояния спиновой синглет},

	journal = {Системы высокой доступности},
	volume  = {14},
	number  = {4},
	pages   = {61-72},
	year    = {2018},

	language = {russian},

	doi = {0.18127/j20729472-201804-11}
}

% 5
@article{vibrations_quanta_biology,
	author = {Huelga, S. F. and Plenio, M. B.},
	title  = {Vibrations, quanta and biology},

	journal = {Contemporary Physics},
	volume  = {54},
	number  = {4},
	pages   = {181-207},
	year    = {2013},

	language = {english},

	doi = {10.1080/00405000.2013.829687}
}

% 6
@article{dark_states_bose_einstein,
	author = {Lee, E. S. and Geckeler, C. and Heurich, J. and Gupta, A. and Cheong, K.-I. and Secrest, S. and Meystre, P.},
	title  = {Dark states of dressed Bose-Einstein condensates},

	journal = {Phys. Rev. A},
	volume  = {60},
	number  = {5},
	pages   = {4006-4011},
	year    = {1999},

	language = {english},

	doi = {10.1103/PhysRevA.60.4006}
}
