@article{bennett,
	author = {Bennett, C. H. and Brassard, G. and Cr\'epeau, C. and Jozsa, R. and Peres, A. and Wootters, W. K.},
	title  = {Teleporting an unknown quantum state via dual classical and Einstein-Podolsky-Rosen channels},

	journal = {Phys. Rev. Lett.},
	volume  = {70},
	number  = {13},
	pages   = {1895-1899},
	year    = {1993},

	language = {english},

	doi = {10.1103/PhysRevLett.70.1895}
}

@article{chemistry_backend,
	author = {Claudino, D. and McCaskey, A. J. and Lyakh, D. I.},
	title  = {A Backend-agnostic, Quantum-classical Framework for Simulations of Chemistry in C++},

	journal = {ACM Transactions on Quantum Computing},
	volume  = {4},
	number  = {1},
	pages   = {1-20},
	year    = {2022},

	language = {english},

	doi = {10.1145/3523285}
}

@article{chemistry_foundations,
	author = {McClean, J. R. and Rubin, N. C. and Lee, J. and Harrigan, M. P. and O'Brien, T. E. and Babbush, R. and Huggins, W. J. and Huang, H.-Y.},
	title  = {What the foundations of quantum computer science teach us about chemistry},

	journal = {The Journal of Chemical Physics},
	volume  = {155},
	number  = {15},
	pages   = {150901},
	year    = {2021},

	language = {english},

	doi = {10.1063/5.0060367}
}

@article{chemistry_simulation_of_chemical_reaction,
	author = {Gong, Qiankun and Man, Qingmin and Li, Ye and Dou, Menghan and Wang, Qingchun and Wu, Yu-Chun and Guo, Guo-Ping},
	title  = {Simulation of chemical reaction dynamics based on quantum computing},
	
	eprint = {2303.08571},
	archivePrefix = {arXiv},
	primaryClass = {quant-ph},
	
	year = {2023}
}

@misc{chemistry_simulator_for_quantum_computer,
	title={ChemiQ: A Chemistry Simulator for Quantum Computer}, 
	author={Qingchun Wang and Huan-Yu Liu and Qing-Song Li and Jianyu Zhao and Qiankun Gong and Ye Li and Yu-Chun Wu and Guo-Ping Guo},
	
	year={2022},
	
	eprint={2106.10162},
	archivePrefix={arXiv},
	primaryClass={quant-ph}
}

@article{chemistry_quantum_simulation,
	author = {Zhu, J.},
	title  = {Quantum simulation of dissociative ionization of ${\mathrm{H}}_{2}^{+}$ in full dimensionality with a time-dependent surface-flux method},

	journal  = {Phys. Rev. A},
	volume   = {102},
	number   = {5},
	pages    = {053109},
	numpages = {9},
	year     = {2020},

	language = {english},

	doi = {10.1103/PhysRevA.102.053109}
}

@article{chm5,
	title={Одностадийный метод Розенброка с комплексными коэффициентами и автоматическим выбором шага},
	author={Зубанов, А. М. and Коконков, Н. И. and Ширков, П. Д.},
	year={2011},
	volume={23},
	number={3},
	publisher={Математическое моделирование},
	pages={127-138}
}

@article{dark_state_three_level,
	author = {Rose, H. and Popolitova, D. V. and Tikhonova, O. V. and Meier, T. and Sharapova, P. R.},
	title  = {Dark-state and loss-induced phenomena in the quantum-optical regime of $\mathrm{\ensuremath{\Lambda}}$-type three-level systems},

	journal  = {Phys. Rev. A},
	volume   = {103},
	number   = {1},
	pages    = {013702},
	numpages = {13},
	year     = {2021},

	language = {english},

	doi = {10.1103/PhysRevA.103.013702}
}

@article{dicke,
	author = {Dicke, R.},
	title = {Phys. Rev. 93, 99},
	year = {1954},
	language = {english}
}

@article{dicke_1,
    author = {Dicke, R. H.},
    title  = {Coherence in Spontaneous Radiation Processes},

    journal = {Phys. Rev.},
    volume  = {93},
    number  = {1},
    pages   = {99-110},
    year    = {1954},

    language = {english},

    doi = {10.1103/PhysRev.93.99}
}

@article{gottesman,
	author = {Gottesman, D. and Chuang, I. L.},
	title  = {Demonstrating the viability of universal quantum computation using teleportation and single-qubit operations},

	journal = {Nature},
	volume  = {402},
	number  = {6760},
	pages   = {390-393},
	year    = {1999},

	language = {english},

	doi = {10.1038/46503}
}

@article{highly,
	author = {Caruso, F. and Chin, A. W. and Datta, A. and Huelga, S. F. and Plenio, M. B.},
	title  = {Highly efficient energy excitation transfer in light-harvesting complexes: The fundamental role of noise-assisted transport},

	journal = {The Journal of Chemical Physics},
	volume  = {131},
	number  = {10},
	pages   = {105106},
	year    = {2009},

	language = {english},

	doi = {10.1063/1.3223548}
}

@article{knill,
	author = {Knill, E. and Laflamme, R. and Milburn, G. J.},
	title  = {A scheme for efficient quantum computation with linear optics},

	journal = {Nature},
	volume  = {409},
	number  = {6816},
	pages   = {46-52},
	year    = {2001},

	language = {english},

	doi = {10.1038/35051009}
}

@article{non_markovianity,
	author = {Hou, S. C. and Liang, S. L. and Yi, X. X.},
	title  = {Non-Markovianity and memory effects in quantum open systems},

	journal  = {Phys. Rev. A},
	volume   = {91},
	number   = {1},
	pages    = {012109},
	numpages = {9},
	year     = {2015},

	language = {english},

	doi = {10.1103/PhysRevA.91.012109}
}

@inproceedings{ozhigov_qubit_model,
    author = {Ozhigov, Y. I. and Skovoroda, N. A.},
    title  = {Qubit model of Jaynes-Cummings-Hubbard with phonon environment for exciton transport in light-harvesting FMO complex},

    booktitle = {International Conference on Micro- and Nano-Electronics 2014},
    volume    = {9440},
    pages     = {94401M},
    year      = {2014},

    language = {english},

    publisher = {SPIE},

    doi = {10.1117/12.2180736}
}

@article{quantum_chemistry_age_quantum_computing,
	author = {Cao, Yudong and Romero, Jonathan and Olson, Jonathan P. and Degroote, Matthias and Johnson, Peter D. and Kieferová, Mária and Kivlichan, Ian D. and Menke, Tim and Peropadre, Borja and Sawaya, Nicolas P. D. and Sim, Sukin and Veis, Libor and Aspuru-Guzik, Alán},
	title  = {Quantum Chemistry in the Age of Quantum Computing},

	journal = {Chemical Reviews},
	volume  = {119},
	number  = {19},
	pages   = {10856-10915},
	year    = {2019},

	language = {english},

	doi = {0.1021/acs.chemrev.8b00803}
}

@book{scalapack1,
    author = {Blackford, L. S. and Choi, J. and Cleary, A. and D'Azevedo, E. and Demmel, J. and Dhillon, I. and Dongarra, J. and Hammarling, S. and Henry, G. and Petitet, A. and Stanley, K. and Walker, D. and Whaley, R. C.},
    title  = {ScaLAPACK Users' Guide},

    year = {1997},

    publisher = {Society for Industrial and Applied Mathematics},

    language = {english},
    doi      = {10.1137/1.9780898719642}
}

@inproceedings{scalapack2,
    author = {Jaeyoung Choi and James Demmel and Dhillon, {Inderjit S} and Susan Ostrouchov and Antoine Petitet and Ken Stanley and Walker, {David W} and Whaley, {R Clinton} and Jack Dongarra and Kaj Madsen and Jerzy Wasniewski},
    title  = {ScaLAPACK: A Portable Linear Algebra Library for Distributed Memory Computers - Design Issues and Performance},

    booktitle = {PARA},
    series    = {Lecture Notes in Computer Science},
    volume    = {1041},
    number    = {},
    pages     = {95-106},
    year      = {1995},

    language = {english},

    publisher = {Springer Nature},
    isbn = {3-540-60902-4}
}

@book{scalapack3,
    author = {Арушанян, О. Б. and Волченскова, Н. И.},
    title  = {Решение линейной алгебраической проблемы собственных значений для симметричных и эрмитовых матриц на основе пакета ScaLAPACK},

    numpages = {74},
    year     = {2016},

    language = {russian},
    medium = {Учебное пособие},

    publisher={М.: Издательство Московского государственного университета, Научно-исследовательский вычислительный центр}
}

@online{scalapack4,
	title  = {ScaLAPACK --- Scalable Linear Algebra PACKage},
	url    = {http://www.netlib.org/scalapack/index.html},
	medium = {Электронный ресурс}
}

@online{scalapack5,
	title  = {ScaLAPACK Routines},
	url    = {https://www.intel.com/content/www/us/en/docs/onemkl/developer-reference-c/2023-0/scalapack-routines.html},
	medium = {Электронный ресурс}
}

@article{stark,
    author = {Stark, J.},
    title  = {Observation of the Separation of Spectral Lines by an Electric Field},

    journal = {Nature},
    volume  = {92},
    number  = {2301},
    pages   = {401},
    year    = {1913},

    language = {english},

    doi = {10.1038/092401b0}
}

@article{zeeman_1,
	author = {Zeeman, P.},
	title  = {The Effect of Magnetisation on the Nature of Light Emitted by a Substance},

	journal = {Nature},
	volume  = {55},
	number  = {1424},
	pages   = {347},
	year    = {1897},

	language = {english},

	doi = {10.1038/055347a0}
}

@article{zeeman_2,
	author = {Virgo, W. L.},
	title  = {Simultaneous Stark and Zeeman effects in atoms with hyperfine structure},

	journal = {American Journal of Physics},
	volume  = {81},
	number  = {12},
	pages   = {936-942},
	year    = {2013},

	language = {english},

	doi = {10.1119/1.4823999}
}

@inbook{zeeman_3,
	author = {Silverman, M. P.},
	title  = {Zeeman and Stark Effects},

	booktitle = {The Optics Encyclopedia},
	year      = {2007},

	language = {english},

	isbn 	  = {9783527600441},
	publisher = {John Wiley \& Sons, Ltd},

	doi = {10.1002/9783527600441.oe103}
}

% Dark-state sideband cooling in an atomic ensemble
% Vacuum Rabi splitting and intracavity dark state in a cavity-atom system
